% Dataset with multiple brain x ray images divided by patient for hemorrage detection (Added by Kenneth)
@article{brain-dataset,
    author = {Hssayeni M and
              Croock M and
              Salman A and 
              Al-khafaji H and
              Yahya Z and
              Ghoraani B},
    title = {Computed Tomography Images for Intracranial Hemorrhage Detection and Segmentation},
    journal = {PhysioNet},
    year = {2020},
    url = {https://physionet.org/content/ct-ich/1.3.1/} 
}
